<?xml version="1.0" encoding="UTF-8"?><collection xmlns="http://www.loc.gov/MARC21/slim"><record><leader>00397nam--2200133-i-4500</leader><controlfield tag="001">000013874</controlfield><controlfield tag="002">20161230</controlfield><controlfield tag="005">20161230201030</controlfield><controlfield tag="008">060222s1000------------r-----000-0-eng-d</controlfield><datafield ind1=" " ind2=" " tag="080"><subfield code="a">550.34.038</subfield></datafield><datafield ind1=" " ind2=" " tag="100"><subfield code="a">Agamennone, Giovanni</subfield></datafield><datafield ind1=" " ind2=" " tag="245"><subfield code="a">La registrazione dei terremoti.con 33 figure e 2 tavole intercalante nel testo</subfield></datafield><datafield ind1=" " ind2=" " tag="260"><subfield code="a">Roma, Biblioteca Del  L Electricista ., 1906. 15 P</subfield></datafield><datafield ind1=" " ind2=" " tag="852"><subfield code="a">48169</subfield></datafield></record></collection>